<?xml version="1.0" encoding="UTF-8"?><collection xmlns="http://www.loc.gov/MARC21/slim"><record><leader>00312nam--2200133-i-4500</leader><controlfield tag="001">000041919</controlfield><controlfield tag="002">20161230</controlfield><controlfield tag="005">20161230201043</controlfield><controlfield tag="008">060222s1000------------r-----000-0-eng-d</controlfield><datafield ind1=" " ind2=" " tag="080"><subfield code="a">517(07)</subfield></datafield><datafield ind1=" " ind2=" " tag="100"><subfield code="a">Smirnov,V.I</subfield></datafield><datafield ind1=" " ind2=" " tag="245"><subfield code="a">Curs de matematici superioare</subfield></datafield><datafield ind1=" " ind2=" " tag="260"><subfield code="a">Bucuresti, Ed.Tehnica, 1953</subfield></datafield><datafield ind1=" " ind2=" " tag="852"><subfield code="a">2531</subfield></datafield></record></collection>